@article{engle2002dynamic,
  title={Dynamic conditional correlation: A simple class of multivariate generalized autoregressive conditional heteroskedasticity models},
  author={Engle, Robert},
  journal={Journal of Business \& Economic Statistics},
  volume={20},
  number={3},
  pages={339--350},
  year={2002},
  publisher={Taylor \& Francis}
}


@article{durbin1950testing,
  title={Testing for serial correlation in least squares regression: I},
  author={Durbin, James and Watson, Geoffrey S},
  journal={Biometrika},
  volume={37},
  number={3/4},
  pages={409--428},
  year={1950},
  publisher={JSTOR}
}

@article{durbin1951testing,
  title={Testing for serial correlation in least squares regression. II},
  author={Durbin, James and Watson, Geoffrey S},
  journal={Biometrika},
  volume={38},
  number={1/2},
  pages={159--177},
  year={1951},
  publisher={JSTOR}
}

@article{engle1982autoregressive,
  title={Autoregressive conditional heteroscedasticity with estimates of the variance of United Kingdom inflation},
  author={Engle, Robert F},
  journal={Econometrica: Journal of the Econometric Society},
  pages={987--1007},
  year={1982},
  publisher={JSTOR}
}

@book{sharpe1970portfolio,
  title={Portfolio theory and capital markets},
  author={Sharpe, William F},
  year={1970},
  publisher={McGraw-Hill College}
}




@book{baltagi2008econometric,
  title={Econometric analysis of panel data},
  author={Baltagi, Badi},
  year={2008},
  publisher={John Wiley \& Sons}
}




@article{gibbons1989test,
  title={A test of the efficiency of a given portfolio},
  author={Gibbons, Michael R and Ross, Stephen A and Shanken, Jay},
  journal={Econometrica: Journal of the Econometric Society},
  pages={1121--1152},
  year={1989},
  publisher={JSTOR}
}



@article{sharpe1964capital,
  title={Capital asset prices: A theory of market equilibrium under conditions of risk},
  author={Sharpe, William F},
  journal={The journal of finance},
  volume={19},
  number={3},
  pages={425--442},
  year={1964},
  publisher={Wiley Online Library}
}
